
@article{kadri2014ed,
  author  = {Kadri, Farid},
  title   = {Time Series Modelling and Forecasting of Emergency Department Overcrowding},
  journal = {Journal of Medical Systems},
  volume  = {38},
  pages   = {107},
  year    = {2014}
}

@phdthesis{mezouari2023thesis,
  author = {Mezouari, Lahcene},
  title  = {Resource planning and scheduling of tasks in the inter and intra hospital logistics chain},
  school = {Université de Grenoble Alpes},
  year   = {2023},
  note   = {HAL Id : tel-04692299, version 1}
}

@article{knight2023review,
  author  = {Knight, Dacre R.T.},
  title   = {Artificial intelligence for patient scheduling in the real-world health care setting: A metanarrative review},
  journal = {Health Policy and Technology},
  volume  = {12},
  year    = {2023}
}

@inproceedings{afilal2016edflow,
  author    = {Afilal, Mohamed},
  title     = {Emergency department flow: A new practical patients classification and forecasting daily attendance},
  booktitle = {IFAC-PapersOnLine},
  volume    = {49},
  pages     = {721--726},
  year      = {2016}
}

@article{fallahpour2024or,
  author  = {Fallahpour, Yasaman},
  title   = {A multi-objective planning and scheduling model for elective and emergency cases in the operating room under uncertainty},
  journal = {Decision Analytics Journal},
  volume  = {11},
  pages   = {100475},
  year    = {2024}
}

@article{kroer2018or,
  author  = {Kroer, Line Ravnskjær},
  title   = {Planning and scheduling operating rooms for elective and emergency surgeries with uncertain duration},
  journal = {Operations Research for Health Care},
  volume  = {19},
  pages   = {107--119},
  year    = {2018}
}

@phdthesis{bouchlaghem2024surgery,
  author  = {Bouchlaghem, Adnène Guessoum},
  title   = {Contributions to the Scheduling of Outpatient Surgery Procedures: Q-learning and Hybrid Flow-Shop},
  year    = {2024},
  note    = {hal-05141103 , version 1}
}

@article{lee2020rl,
  author  = {Lee, Seunghoon and Lee, Young Hoon},
  title   = {Improving Emergency Department Efficiency by Patient Scheduling Using Deep Reinforcement Learning},
  journal = {Healthcare},
  volume  = {8},
  number  = {2},
  pages   = {77},
  year    = {2020}
}

@inproceedings{harzi2017ed,
  author    = {Harzi, Marwa},
  title     = {Scheduling Patients in Emergency Department by Considering Material Resources},
  booktitle = {Procedia Computer Science},
  volume    = {112},
  pages     = {713--722},
  year      = {2017}
}

@article{akbarzadeh2020or,
  author  = {Akbarzadeh, Babak},
  title   = {A diving heuristic for planning and scheduling surgical cases in the operating room department with nurse re-rostering},
  journal = {Journal of Scheduling},
  volume  = {23},
  pages   = {265--288},
  year    = {2020}
}

@article{assad2019ed,
  author  = {Bouzon Nagem Assad, Daniel and Spiegel, Thaís},
  title   = {Improving emergency department resource planning: a multiple case study},
  journal = {Health Systems},
  volume  = {9},
  pages   = {2--30},
  year    = {2019}
}

@article{marchesi2020physician,
  author  = {Marchesi, Janaina F.},
  title   = {A stochastic programming approach to the physician staffing and scheduling problem},
  journal = {Computers \& Industrial Engineering},
  volume  = {142},
  pages   = {106281},
  year    = {2020}
}

@article{mahmoudzadeh2020robust,
  author  = {Mahmoudzadeh, Houra},
  title   = {Robust multi-class multi-period patient scheduling with wait time targets},
  journal = {Operations Research for Health Care},
  volume  = {25},
  pages   = {100254},
  year    = {2020}
}

@article{chennupati2025aira,
  author  = {Chennupati, Narendra},
  title   = {AIRA-Hospital: Generative AI-enhanced robotic process automation for dynamic resource allocation in acute care settings},
  journal = {World Journal of Advanced Research and Reviews},
  volume  = {26},
  number  = {02},
  pages   = {1561--1571},
  year    = {2025}
}

@article{bartek2019ml,
  author  = {Bartek, Matthew A.},
  title   = {Improving Operating Room Efficiency: Machine Learning Approach to Predict Case-Time Duration},
  journal = {Journal of the American College of Surgeons},
  volume  = {229},
  number  = {4},
  pages   = {346--354e3},
  year    = {2019}
}

@article{munavalli2020mas,
  author  = {Munavalli, Jyoti R.},
  title   = {An intelligent real-time scheduler for out-patient clinics: A multi-agent system model},
  journal = {Health Informatics Journal},
  year    = {2020}
}

@article{martinez2021surgical,
  author  = {Martinez, Oscar},
  title   = {Machine learning for surgical time prediction},
  journal = {Computer Methods and Programs in Biomedicine},
  volume  = {208},
  pages   = {106220},
  year    = {2021}
}

@article{creps2017outpatient,
  author  = {Creps, James and Lotf, Vahid},
  title   = {A dynamic approach for outpatient scheduling},
  journal = {Journal of Medical Economics},
  volume  = {20},
  pages   = {786--798},
  year    = {2017}
}

@article{jeffrey2023los,
  author  = {Jeffrey, L.},
  title   = {Machine Learning Prediction Models to Reduce Length of Stay at Ambulatory Surgery Centers Through Case Resequencing},
  journal = {Journal of Medical Systems},
  volume  = {47},
  pages   = {71},
  year    = {2023}
}

@article{aringhieri2015metaheuristic,
  author  = {Aringhieri, Roberto},
  title   = {A two level metaheuristic for the operating room scheduling and assignment problem},
  journal = {Computers \& Operations Research},
  volume  = {54},
  pages   = {21--34},
  year    = {2015}
}
